<record xmlns:marc="http://www.loc.gov/MARC21/slim">
  <leader>00000cam a2200000zu 4500</leader>
  <datafield tag="020" ind1=" " ind2=" ">
    <subfield code="a">9782075118842</subfield>
  </datafield>
  <datafield tag="024" ind1="8" ind2=" ">
    <subfield code="a">cantook/EDEN502344</subfield>
  </datafield>
  <datafield tag="035" ind1=" " ind2=" ">
    <subfield code="a">cantook-EDEN502344</subfield>
  </datafield>
  <datafield tag="041" ind1=" " ind2=" ">
    <subfield code="a">fre</subfield>
  </datafield>
  <datafield tag="041" ind1="1" ind2=" ">
    <subfield code="h">eng</subfield>
  </datafield>
  <datafield ind1=" " ind2=" " tag="099">
    <subfield code="a">masked</subfield>
  </datafield>
  <datafield tag="245" ind1=" " ind2=" ">
    <subfield code="a">Killer Game</subfield>
  </datafield>
  <datafield tag="264" ind1=" " ind2="1">
    <subfield code="c">2019</subfield>
    <subfield code="b">Gallimard Jeunesse</subfield>
  </datafield>
  <datafield tag="300" ind1=" " ind2=" ">
    <subfield code="a">400 pages</subfield>
  </datafield>
  <datafield tag="520" ind1=" " ind2=" ">
    <subfield code="a">
    Osborne est une petite ville du Nebraska où tout le monde se
    connaît, pas vraiment le cadre rêvé pour une adolescente!
    Mais avec ses amis, Alex la cynique et le très protecteur Darby,
    Makani s'y plaît. Sans parler d'Ollie, le garçon solitaire dont
    elle aimerait beaucoup se rapprocher... Tout bascule lorsque les
    élèves de son lycée se font assassiner les uns après les autres.
    Pour éviter de devenir une proie, Makani va devoir afronter un
    terrible secret. Qui a dit qu'il ne se passait jamais rien à
    Osborne?
    </subfield>
  </datafield>
  <datafield tag="653" ind1=" " ind2=" ">
    <subfield code="a">Jeunesse - albums et romans</subfield>
    <subfield code="a">Juvenile Fiction</subfield>
  </datafield>
  <datafield tag="653" ind1=" " ind2=" ">
    <subfield code="a">Jeunesse</subfield>
    <subfield code="a">Youth</subfield>
  </datafield>
  <datafield tag="653" ind1=" " ind2=" ">
    <subfield code="a">Policiers &amp; Thrillers</subfield>
    <subfield code="a">Detective &amp; thrillers</subfield>
  </datafield>
  <datafield tag="653" ind1=" " ind2=" ">
    <subfield code="a">Fiction</subfield>
    <subfield code="a">Fiction</subfield>
  </datafield>
  <datafield tag="653" ind1=" " ind2=" ">
    <subfield code="a">Fiction jeunesse: généralités</subfield>
    <subfield code="a">
        Children's / Teenage fiction: General fiction
    </subfield>
  </datafield>
  <datafield tag="700" ind1="1" ind2=" ">
    <subfield code="a">Perkins, Stephanie</subfield>
    <subfield code="4">aut</subfield>
  </datafield>
  <datafield tag="700" ind1="1" ind2=" ">
    <subfield code="a">Polanco, Emmanuel</subfield>
  </datafield>
  <datafield tag="700" ind1="1" ind2=" ">
    <subfield code="a">Troin, Isabelle</subfield>
    <subfield code="4">trl</subfield>
  </datafield>
  <datafield tag="856" ind1="4" ind2="2">
    <subfield code="u">https://www.edenlivres.fr/p/502344</subfield>
    <subfield code="3">Extrait</subfield>
  </datafield>
  <datafield tag="856" ind1="4" ind2="0">
    <subfield code="q">epub</subfield>
    <subfield code="u">
        https://test1/resources/5ccd26d523579476a9ac9f3
    <subfield>
    <subfield code="3">Texte intégral</subfield>
    <subfield code="x">mv-cantook</subfield>
  </datafield>
</record>
